@article{slicer,
  title   = {{3D Slicer as an image computing platform for the Quantitative Imaging Network}},
  author  = {Fedorov, Andriy and Beichel, Reinhard and Kalpathy-Cramer, Jayashree and Finet, Julien and Fillion-Robin, Jean-Christophe and Pujol, Sonia and Bauer, Christian and Jennings, Dominique and Fennessy, Fiona and Sonka, Milan and Buatti, John and Aylward, Stephen and Miller, James V and Pieper, Steve and Kikinis, Ron},
  year    = 2012,
  journal = {{Magnetic Resonance Imaging}},
  volume  = 30,
  number  = 9,
  pages   = {1323--1341},
  doi     = {10.1016/j.mri.2012.05.001}
}

@article{itk,
  title   = {{Engineering and algorithm design for an image processing API: a technical report on ITK -- the Insight Toolkit}},
  author  = {Yoo, Terry S and Ackerman, Michael J and Lorensen, William E and Schroeder, Will and Chalana, Vikram and Aylward, Stephen and Metaxas, Dimitris and Whitaker, Ross},
  year    = 2002,
  journal = {{Studies in Health Technology and Informatics}},
  volume  = 85,
  pages   = {586--592}
}

@article{simpleitk,
  title   = {{The Design of SimpleITK}},
  author  = {Lowekamp, Bradley and Chen, David and Ib{'{a}}{~{n}}ez, Luis and Blezek, Daniel},
  year    = 2013,
  journal = {{Frontiers in Neuroinformatics}},
  volume  = 7,
  pages   = {45},
  doi     = {10.3389/fninf.2013.00045}
}

@article{elastix,
  title   = {{Elastix: A Toolbox for Intensity-Based Medical Image Registration}},
  author  = {Klein, Stefan and Staring, Marius and Murphy, Keelin and Viergever, Max A. and Pluim, Josien P. W.},
  year    = 2010,
  journal = {{IEEE Transactions on Medical Imaging}},
  volume  = 29,
  number  = 1,
  pages   = {196--205},
  doi     = {10.1109/TMI.2009.2035616}
}

@article{simpleelastix,
  title   = {{SimpleElastix: A User-Friendly, Multi-lingual Library for Medical Image Registration}},
  author  = {Marstal, Kasper and Berendsen, Floris and Staring, Marius and Klein, Stefan},
  year    = 2016,
  journal = {{Journal of Open Source Software}},
  volume  = 1,
  number  = 7,
  pages   = 100,
  doi     = {10.21105/joss.00100}
}

@article{ants,
  title   = {{Symmetric Diffeomorphic Image Registration with Cross-Correlation: Evaluating Automated Labeling of Elderly and Neurodegenerative Brain}},
  author  = {Avants, Brian B and Epstein, Charles L and Grossman, Murray and Gee, James C},
  year    = 2008,
  journal = {{Medical Image Analysis}},
  volume  = 12,
  number  = 1,
  pages   = {26--41},
  doi     = {10.1016/j.media.2007.06.004}
}

@article{registration,
  title   = {{Le recalage en imagerie médicale : de la conception à la validation}},
  author  = {N. Betrouni},
  year    = 2009,
  journal = {{IRBM}},
  volume  = 30,
  number  = 2,
  pages   = {60--71},
  doi     = {10.1016/j.irbm.2008.12.003}
}
